
0502023412345678  01CPU       SAMPLE                    123456SAMPLE      180915023412345678                  EXAMPLE-ANY
1123-456123456789 500000100000Sample                          SAMPLE            123-456123456789SAMPLE          00000000
ignore this line
7999-999            000010000000001000000000000000                        000001                                        
0132023412345678  01CPU       SAMPLE                    123456TEST        180915023412345678                  EXAMPLE-ANY
1123-456123456789 130000010100Sample                          SAMPLE            123-456123456789SAMPLE          00000000
7999-999            000001010000000000000000010100                        000001                                        
0502023412345678  01CPU       SAMPLE                    123456TEST        180915023412345678                  EXAMPLE-ANY
1123-456123456789 500000102000Sample                          SAMPLE            123-456123456789SAMPLE          00000000
7999-999            000010200000001020000000000000                        000001                                        
0502023412345678  01CPU       SAMPLE                    123456TEST        180915023412345678                  EXAMPLE-ANY
1123-456123456789 500000103000Sample                          SAMPLE            123-456123456789SAMPLE          00000000
7999-999            000010300000001030000000000000                        000001
0502027012345678  01CPU       SAMPLE EXE LTD            123456TEST        230522027012345678                  EXAMPLE-ANY
1123-456123456789 500000000009SAMPLE                          SAMPLE            987-654123456789CBA             00000000
1123-456123456789 500002525755SAMPLE                          SAMPLE            987-654123456789CBA             00000000
1123-456123456789 500086002588SAMPLE                          SAMPLE            987-654123456789CBA             00000000
1123-456123456789 500000000004SAMPLE                          SAMPLE            987-654123456789CBA             00000000
1123-456123456789 500000697722SAMPLE                          SAMPLE            987-654123456789CBA             00000000
1123-456123456789 500000053951SAMPLE                          SAMPLE            987-654123456789CBA             00000000
7999-999            008928002900892800290000000000                        000006
0132027012345678  01CPU       SAMPLE EXE LTD            123456TEST        230522027012345678                  EXAMPLE-ANY
1123-456123456789 130000000004SAMPLE                          SAMPLE            987-654123456789WBC             00000000
1123-456123456789 130000000188SAMPLE                          SAMPLE            987-654123456789WBC             00000000
1123-456123456789 130514197950SAMPLE                          SAMPLE            987-654123456789WBC             00000000
1123-456123456789 130000000363SAMPLE                          SAMPLE            987-654123456789WBC             00000000
7999-999            051419850500000000000514198505                        000004
